<?xml version="1.0" encoding="UTF-8"?><collection xmlns="http://www.loc.gov/MARC21/slim"><record><leader>00514nam--2200169-i-4500</leader><controlfield tag="001">000037798</controlfield><controlfield tag="002">20161230</controlfield><controlfield tag="005">20161230201041</controlfield><controlfield tag="008">060222s1000------------r-----000-0-eng-d</controlfield><datafield ind1=" " ind2=" " tag="040"><subfield code="a">IFIN-HH</subfield></datafield><datafield ind1=" " ind2=" " tag="080"><subfield code="a">535.343:543.423</subfield></datafield><datafield ind1="1" ind2=" " tag="100"><subfield code="a">Ramirez-Munoz, Juan</subfield></datafield><datafield ind1="1" ind2="0" tag="245"><subfield code="a">Atomic-absorption spectroscopy and analysis by atomic-absorption flame photometry</subfield><subfield code="c">Juan ramirez-munoz</subfield></datafield><datafield ind1=" " ind2=" " tag="260"><subfield code="a">NEW YORK</subfield><subfield code="b">Elsevier Publishing Company</subfield><subfield code="c">1968</subfield></datafield><datafield ind1=" " ind2=" " tag="300"><subfield code="a">XII + 493P</subfield></datafield><datafield ind1=" " ind2=" " tag="852"><subfield code="a">29136</subfield><subfield code="c">535.33</subfield></datafield><datafield ind1=" " ind2=" " tag="CAT"><subfield code="a">Sys</subfield><subfield code="c">20101203</subfield><subfield code="h">104736</subfield></datafield></record></collection>